<?xml version="1.0" encoding="UTF-8"?>
<collection xmlns:xsi="http://www.w3.org/2001/XMLSchema-instance" xsi:schemaLocation="http://www.loc.gov/MARC21/slim http://www.loc.gov/standards/marcxml/schema/MARC21slim.xsd" xmlns="http://www.loc.gov/MARC21/slim">
<record>
  <leader>00886cam a2200253   4500</leader>
  <controlfield tag="001">2957750</controlfield>
  <controlfield tag="003">NNC</controlfield>
  <controlfield tag="005">20130426002530.0</controlfield>
  <controlfield tag="008">841015m19541962ua h     b    000 0 arar </controlfield>
  <datafield tag="010" ind1=" " ind2=" ">
    <subfield code="a">ne 63001999 </subfield>
  </datafield>
  <datafield tag="035" ind1=" " ind2=" ">
    <subfield code="a">(OCoLC)ocm11264402</subfield>
  </datafield>
  <datafield tag="035" ind1=" " ind2=" ">
    <subfield code="9">ASK2844CU</subfield>
  </datafield>
  <datafield tag="035" ind1=" " ind2=" ">
    <subfield code="a">(NNC)2957750</subfield>
  </datafield>
  <datafield tag="040" ind1=" " ind2=" ">
    <subfield code="a">DLC</subfield>
    <subfield code="c">IXA</subfield>
    <subfield code="d">IXA</subfield>
    <subfield code="d">OCL</subfield>
    <subfield code="d">ZCU</subfield>
  </datafield>
  <datafield tag="050" ind1=" " ind2=" ">
    <subfield code="a">BP131.3</subfield>
    <subfield code="b">.A22</subfield>
  </datafield>
  <datafield tag="100" ind1="0" ind2=" ">
    <subfield code="a">Abū ʻUbaydah Maʻmar ibn al-Muthanná al-Taymī,</subfield>
    <subfield code="d">728?-824?</subfield>
  </datafield>
  <datafield tag="245" ind1="1" ind2="0">
    <subfield code="a">Majāz al-Qurʾān,</subfield>
    <subfield code="c">ṣanʻat Abī ʻUbaydahʾ Maʻmar ibn al-Muthannā al-Taymī. ʻĀraḍahu bi-ʾuṣūlihi wa-ʻallaqa ʻalayhi Muḥammad Fuʾād Sazgīn.</subfield>
  </datafield>
  <datafield tag="250" ind1=" " ind2=" ">
    <subfield code="a">al-Ṭabʻah 1.</subfield>
  </datafield>
  <datafield tag="260" ind1=" " ind2=" ">
    <subfield code="a">Miṣr,</subfield>
    <subfield code="b">al-Khānjī,</subfield>
    <subfield code="c">[1954-62]</subfield>
  </datafield>
  <datafield tag="300" ind1=" " ind2=" ">
    <subfield code="a">2 v.</subfield>
    <subfield code="b">facsims.</subfield>
    <subfield code="c">24 cm.</subfield>
  </datafield>
  <datafield tag="504" ind1=" " ind2=" ">
    <subfield code="a">Bibliography: v. 1, p. 29-45 (1st group)</subfield>
  </datafield>
  <datafield tag="650" ind1=" " ind2="0">
    <subfield code="a">Figures of speech.</subfield>
  </datafield>
  <datafield tag="630" ind1="0" ind2="0">
    <subfield code="a">Qurʼan</subfield>
    <subfield code="x">Language, style.</subfield>
  </datafield>
  <datafield tag="955" ind1=" " ind2=" ">
    <subfield code="b">0038560747</subfield>
    <subfield code="d">glx</subfield>
    <subfield code="e">BP131.3 .A22</subfield>
    <subfield code="v">v.1</subfield>
  </datafield>
</record>
</collection>